@article{Zinkov2016ComposingIA,
  title =        {Composing Inference Algorithms as Program Transformations},
  author =       {Robert Zinkov and Chung-chieh Shan},
  journal =      {ArXiv},
  year =         2016,
  volume =       {abs/1603.01882}
}

@inproceedings{anglican-smc,
  author =       {Wood, Frank and van de Meent, Jan Willem and Mansinghka,
                  Vikash},
  booktitle =    {Proceedings of the 17th International conference on Artificial
                  Intelligence and Statistics},
  title =        {A New Approach to Probabilistic Programming Inference},
  pages =        {1024-1032},
  year =         2014
}

@inproceedings{belief-prop,
  author =       {Pearl, Judea},
  title =        {Reverend Bayes on Inference Engines: A Distributed
                  Hierarchical Approach},
  year =         1982,
  publisher =    {AAAI Press},
  booktitle =    {Proceedings of the Second AAAI Conference on Artificial
                  Intelligence},
  pages =        {133–136},
  numpages =     4,
  location =     {Pittsburgh, Pennsylvania},
  series =       {AAAI’82}
}

@article{bingham2019pyro,
  title =        {Pyro: Deep universal probabilistic programming},
  author =       {Bingham, Eli and Chen, Jonathan P and Jankowiak, Martin and
                  Obermeyer, Fritz and Pradhan, Neeraj and Karaletsos, Theofanis
                  and Singh, Rohit and Szerlip, Paul and Horsfall, Paul and
                  Goodman, Noah D},
  journal =      {The Journal of Machine Learning Research},
  volume =       20,
  number =       1,
  pages =        {973--978},
  year =         2019,
  publisher =    {JMLR. org}
}

@article{borgstrom2016lambda,
  title =        {A lambda-calculus foundation for universal probabilistic
                  programming},
  author =       {Borgstr{\"o}m, Johannes and Dal Lago, Ugo and Gordon, Andrew D
                  and Szymczak, Marcin},
  journal =      {ACM SIGPLAN Notices},
  volume =       51,
  number =       9,
  pages =        {33--46},
  year =         2016,
  publisher =    {ACM New York, NY, USA}
}

@article{carpenter2017stan,
  title =        {Stan: A probabilistic programming language},
  author =       {Carpenter, Bob and Gelman, Andrew and Hoffman, Matthew D and
                  Lee, Daniel and Goodrich, Ben and Betancourt, Michael and
                  Brubaker, Marcus and Guo, Jiqiang and Li, Peter and Riddell,
                  Allen},
  journal =      {Journal of statistical software},
  volume =       76,
  number =       1,
  year =         2017,
  publisher =    {Columbia Univ., New York, NY (United States); Harvard Univ.,
                  Cambridge, MA~…}
}

@article{cooper1990computational,
  title =        {The computational complexity of probabilistic inference using
                  Bayesian belief networks},
  author =       {Cooper, Gregory F},
  journal =      {Artificial intelligence},
  volume =       42,
  number =       {2-3},
  pages =        {393--405},
  year =         1990,
  publisher =    {Elsevier}
}

@misc{datasci,
  title =        {Foundations of Data Science},
  author =       {Damon Wischik},
  year =         2019,
  URL =          {https://www.cl.cam.ac.uk/teaching/1819/DataSci/notes0.pdf},
}

@inproceedings{dpmm,
  author =       {Rasmussen, Carl Edward},
  title =        {The Infinite Gaussian Mixture Model},
  year =         1999,
  publisher =    {MIT Press},
  address =      {Cambridge, MA, USA},
  booktitle =    {Proceedings of the 12th International Conference on Neural
                  Information Processing Systems},
  pages =        {554–560},
  numpages =     7,
  location =     {Denver, CO},
  series =       {NIPS’99}
}

@misc{edward,
  title =        {Deep Probabilistic Programming},
  author =       {Dustin Tran and Matthew D. Hoffman and Rif A. Saurous and
                  Eugene Brevdo and Kevin Murphy and David M. Blei},
  year =         2017,
  eprint =       {1701.03757},
  archivePrefix ={arXiv},
  primaryClass = {stat.ML}
}

@article{erwig,
  author =       {Erwig, Martin and Kollmansberger, Steve},
  title =        {FUNCTIONAL PEARLS: Probabilistic Functional Programming in
                  Haskell},
  year =         2006,
  issue_date =   {January 2006},
  publisher =    {Cambridge University Press},
  address =      {USA},
  volume =       16,
  number =       1,
  issn =         {0956-7968},
  url =          {https://doi.org/10.1017/S0956796805005721},
  doi =          {10.1017/S0956796805005721},
  journal =      {J. Funct. Program.},
  month =        jan,
  pages =        {21–34},
  numpages =     14
}

@article{flury1990acceptance,
  title =        {Acceptance--rejection sampling made easy},
  author =       {Flury, Bernard D},
  journal =      {SIAM Review},
  volume =       32,
  number =       3,
  pages =        {474--476},
  year =         1990,
  publisher =    {SIAM}
}

@article{gilks1994bugs,
  title =        {A language and program for complex Bayesian modelling},
  author =       {Gilks, Wally R and Thomas, Andrew and Spiegelhalter, David J},
  journal =      {Journal of the Royal Statistical Society: Series D (The
                  Statistician)},
  volume =       43,
  number =       1,
  pages =        {169--177},
  year =         1994,
  publisher =    {Wiley Online Library}
}

@incollection{giry1982categorical,
  title =        {A categorical approach to probability theory},
  author =       {Giry, Michele},
  booktitle =    {Categorical aspects of topology and analysis},
  pages =        {68--85},
  year =         1982,
  publisher =    {Springer}
}

@article{goodman2012church,
  title =        {Church: a language for generative models},
  author =       {Goodman, Noah and Mansinghka, Vikash and Roy, Daniel M and
                  Bonawitz, Keith and Tenenbaum, Joshua B},
  journal =      {arXiv preprint arXiv:1206.3255},
  year =         2012
}

@incollection{gordon2014probabilistic,
  title =        {Probabilistic programming},
  author =       {Gordon, Andrew D and Henzinger, Thomas A and Nori, Aditya V
                  and Rajamani, Sriram K},
  booktitle =    {Proceedings of the on Future of Software Engineering},
  pages =        {167--181},
  year =         2014
}

@article{ibal,
  author =       {Pfeffer, Avi},
  year =         2000,
  month =        01,
  title =        {The Design and Implementation of IBAL: A General-Purpose
                  Probabilistic Language},
  journal =      {Applied Sciences}
}

@inproceedings{jones1989probabilistic,
  title =        {A probabilistic powerdomain of evaluations},
  author =       {Jones, Claire and Plotkin, Gordon},
  booktitle =    {Proceedings. Fourth Annual Symposium on Logic in Computer
                  Science},
  pages =        {186--187},
  year =         1989
}

@inproceedings{kiselyov2009embedded,
  title =        {Embedded probabilistic programming},
  author =       {Kiselyov, Oleg and Shan, Chung-Chieh},
  booktitle =    {IFIP Working Conference on Domain-Specific Languages},
  pages =        {360--384},
  year =         2009,
  organization = {Springer}
}

@article{massey1951kolmogorov,
  title =        {The Kolmogorov-Smirnov test for goodness of fit},
  author =       {Massey Jr, Frank J},
  journal =      {Journal of the American statistical Association},
  volume =       46,
  number =       253,
  pages =        {68--78},
  year =         1951,
  publisher =    {Taylor \& Francis}
}

@article{mobus2018structure,
  title =        {Structure and Interpretation of WebPPL},
  author =       {M{\"o}bus, Claus},
  year =         2018
}

@article{monad-bayes,
  author =       {undefinedcibior, Adam and Kammar, Ohad and Ghahramani, Zoubin},
  title =        {Functional Programming for Modular Bayesian Inference},
  year =         2018,
  issue_date =   {September 2018},
  publisher =    {Association for Computing Machinery},
  address =      {New York, NY, USA},
  volume =       2,
  number =       {ICFP},
  url =          {https://doi.org/10.1145/3236778},
  doi =          {10.1145/3236778},
  journal =      {Proc. ACM Program. Lang.},
  month =        jul,
  articleno =    83,
  numpages =     29,
  keywords =     {functional programming, type-classes, Anglican, Sequential
                  Monte Carlo, monads, WebPPL, inductive types, Monte Carlo
                  samplers, monad transformers, machine learning, higher-order
                  functions, module systems, Bayesian inference, probabilistic
                  programming, Markov Chain Monte Carlo}
}

@article{monte-carlo,
  ISSN =         01621459,
  URL =          {http://www.jstor.org/stable/2280232},
  abstract =     {We shall present here the motivation and a general description
                  of a method dealing with a class of problems in mathematical
                  physics. The method is, essentially, a statistical approach to
                  the study of differential equations, or more generally, of
                  integro-differential equations that occur in various branches
                  of the natural sciences.},
  author =       {Nicholas Metropolis and S. Ulam},
  journal =      {Journal of the American Statistical Association},
  number =       247,
  pages =        {335--341},
  publisher =    {[American Statistical Association, Taylor & Francis, Ltd.]},
  title =        {The Monte Carlo Method},
  volume =       44,
  year =         1949
}

@article{owl,
  author =       {Liang Wang},
  title =        {Owl: {A} General-Purpose Numerical Library in OCaml},
  journal =      {CoRR},
  volume =       {abs/1707.09616},
  year =         2017,
  url =          {http://arxiv.org/abs/1707.09616},
  archivePrefix ={arXiv},
  eprint =       {1707.09616},
  timestamp =    {Mon, 13 Aug 2018 16:46:16 +0200},
  biburl =       {https://dblp.org/rec/journals/corr/Wang17af.bib},
  bibsource =    {dblp computer science bibliography, https://dblp.org}
}

@misc{paige2014asynchronous,
  title =        {Asynchronous Anytime Sequential Monte Carlo},
  author =       {Brooks Paige and Frank Wood and Arnaud Doucet and Yee Whye
                  Teh},
  year =         2014,
  eprint =       {1407.2864},
  archivePrefix ={arXiv},
  primaryClass = {stat.CO}
}

@ARTICLE{
	particlefilter,
  author =       {N. J. {Gordon} and D. J. {Salmond} and A. F. M. {Smith}},
  journal =      {IEE Proceedings F - Radar and Signal Processing},
  title =        {Novel approach to nonlinear/non-Gaussian Bayesian state
                  estimation},
  year =         1993,
  volume =       140,
  number =       2,
  pages =        {107-113}
}

@inproceedings{perez2008kullback,
  title =        {Kullback-Leibler divergence estimation of continuous
                  distributions},
  author =       {P{\'e}rez-Cruz, Fernando},
  booktitle =    {2008 IEEE international symposium on information theory},
  pages =        {1666--1670},
  year =         2008,
  organization = {IEEE}
}

@misc{plummer2004jags,
  title =        {JAGS: Just another Gibbs sampler},
  author =       {Plummer, Martyn},
  year =         2004
}

@article{pmcmc,
  title =        {Particle markov chain monte carlo methods},
  author =       {Andrieu, Christophe and Doucet, Arnaud and Holenstein, Roman},
  journal =      {Journal of the Royal Statistical Society: Series B
                  (Statistical Methodology)},
  volume =       72,
  number =       3,
  pages =        {269--342},
  year =         2010,
  publisher =    {Wiley Online Library}
}

@misc{pplbench,
  title =        {PPL Bench: Evaluation Framework For Probabilistic Programming
                  Languages},
  author =       {Sourabh Kulkarni and Kinjal Divesh Shah and Nimar Arora and
                  Xiaoyan Wang and Yucen Lily Li and Nazanin Khosravani Tehrani
                  and Michael Tingley and David Noursi and Narjes Torabi and
                  Sepehr Akhavan Masouleh and Eric Lippert and Erik Meijer},
  year =         2020,
  eprint =       {2010.08886},
  archivePrefix ={arXiv},
  primaryClass = {cs.PL}
}

@inproceedings{ramsey2002stochastic,
  title =        {Stochastic lambda calculus and monads of probability
                  distributions},
  author =       {Ramsey, Norman and Pfeffer, Avi},
  booktitle =    {Proceedings of the 29th ACM SIGPLAN-SIGACT symposium on
                  Principles of programming languages},
  pages =        {154--165},
  year =         2002
}

@inproceedings{scibior2015practical,
  title =        {Practical probabilistic programming with monads},
  author =       {{\'S}cibior, Adam and Ghahramani, Zoubin and Gordon, Andrew D},
  booktitle =    {ACM SIGPLAN Notices},
  volume =       50,
  number =       12,
  pages =        {165--176},
  year =         2015,
  organization = {ACM}
}

@inbook{siegmund,
  address =      "Beachwood, OH",
  author =       "Siegmund, David",
  booktitle =    "State of the art in probability and statistics",
  doi =          "10.1214/lnms/1215090088",
  editor =       "de Gunst, Mathisca and Klaasen, Chris and van der Vaart, Aad",
  pages =        "547--554",
  publisher =    "Institute of Mathematical Statistics",
  series =       "Lecture Notes--Monograph Series",
  title =        "Note on a stochastic recursion",
  url =          "https://doi.org/10.1214/lnms/1215090088",
  volume =       "Volume 36",
  year =         2001
}

@misc{teh2010dirichlet,
  title =        {Dirichlet Process.},
  author =       {Teh, Yee Whye},
  year =         2010
}

@inproceedings{tensorflow,
  author =       {Abadi, Mart\'{\i}n and Barham, Paul and Chen, Jianmin and
                  Chen, Zhifeng and Davis, Andy and Dean, Jeffrey and Devin,
                  Matthieu and Ghemawat, Sanjay and Irving, Geoffrey and Isard,
                  Michael and Kudlur, Manjunath and Levenberg, Josh and Monga,
                  Rajat and Moore, Sherry and Murray, Derek G. and Steiner,
                  Benoit and Tucker, Paul and Vasudevan, Vijay and Warden, Pete
                  and Wicke, Martin and Yu, Yuan and Zheng, Xiaoqiang},
  title =        {TensorFlow: A System for Large-Scale Machine Learning},
  year =         2016,
  isbn =         9781931971331,
  publisher =    {USENIX Association},
  address =      {USA},
  booktitle =    {Proceedings of the 12th USENIX Conference on Operating Systems
                  Design and Implementation},
  pages =        {265–283},
  numpages =     19,
  location =     {Savannah, GA, USA},
  series =       {OSDI'16}
}

@inproceedings{wadler1990comprehending,
  title =        {Comprehending monads},
  author =       {Wadler, Philip},
  booktitle =    {Proceedings of the 1990 ACM conference on LISP and functional
                  programming},
  pages =        {61--78},
  year =         1990
}

@article{wang2011using,
  title =        {Using infer. net for statistical analyses},
  author =       {Wang, Shen SJ and Wand, Matt P},
  journal =      {The American Statistician},
  volume =       65,
  number =       2,
  pages =        {115--126},
  year =         2011,
  publisher =    {Taylor \& Francis}
}
